@inproceedings{wj2015dsolve,
  author = {Kay-Michael W{\"u}rzner and Bryan Jurish},
  title = {Dsolve -- Morphological Segmentation for German using Conditional Random Fields},
  year = {2015},
  booktitle = {Systems and Frameworks for Computational Morphology},
  booktitle_long = {Systems and Frameworks for Computational Morphology, Fourth International Workshop, SFCM 2015, Stuttgart, Germany, September 17--18, 2015, Proceedings},
  publisher = {Springer},
  series = {Communications in Computer and Information Science},
  volume = {537},
  pages = {94--103},
  confurl = {http://sfcm.eu/sfcm2015/},
  seriesurl = {http://www.springer.com/series/7899},
  isbn = {978-3-319-23978-1},
  doi = {10.1007/978-3-319-23980-4_6},
  doi_book = {10.1007/978-3-319-23980-4},
  url_book = {http://www.springer.com/gp/book/9783319239781},
  url_draft = {http://kaskade.dwds.de/~moocow/pubs/wj2015dsolve-draft.pdf}
}
@inproceedings{wj2015gramophone,
  author    = {W{\"u}rzner, Kay-Michael and Jurish, Bryan},
  title     = {A hybrid approach to grapheme-phoneme conversion},
  booktitle = {Proceedings of the 12th International Workshop on Finite State Methods and Natural Language Processing},
  year      = {2015},
  url       = {http://www.aclweb.org/anthology/W/W15/W15-4811.pdf}
}
